Automatically generated by Mendeley 1.8.4
Any changes to this file will be lost if it is regenerated by Mendeley.

@article{Abiteboul,
author = {Abiteboul, Serge and Quass, Dallan and McHugh, J},
file = {:C$\backslash$:/Users/Turan/Google Drive/ED/IRR/lib/lorel96.pdf:pdf},
title = {{The Lorel query language for semistructured data}},
url = {http://www.springerlink.com/index/FH2J46946JWY3KDE.pdf},
year = {1997}
}
@article{Bollegala2007,
author = {Bollegala, Danushka and Matsuo, Y and Ishizuka, M},
file = {:C$\backslash$:/Users/Turan/Google Drive/ED/IRR/lib/meassim.pdf:pdf},
isbn = {9781595936547},
journal = {Proceedings of WWW 2007 : Semantic Web Track},
title = {{Measuring semantic similarity between words using web search engines}},
url = {http://dl.acm.org/citation.cfm?id=1242572.1242675},
year = {2007}
}
@article{Schou2012,
author = {Schou and Jakobsen},
file = {:C$\backslash$:/Users/Turan/Google Drive/ED/IRP/lib/jakobsen keystrokes schou - Google Search.pdf:pdf},
isbn = {3110182971},
pages = {13--15},
title = {{Triangulating translation: perspectives in process oriented research}},
year = {1999}
}
@techreport{Mika2012,
author = {Mika, Peter},
file = {:C$\backslash$:/Users/Turan/Google Drive/ED/IRR/lib/semanticsearch-summerschool2012-120716081437-phpapp01.ppt:ppt},
title = {{Semantic Search Overview (Presenation at SSSW 2012)}},
year = {2012}
}
@article{Gong2008,
author = {{Gong Cheng, Weiyi Ge, Honghan Wu}, Yuzhong Qu},
file = {:C$\backslash$:/Users/Turan/Google Drive/ED/IRR/lib/falcons.pdf:pdf},
isbn = {9781605580852},
keywords = {indexing,search engine,semantic web,summarization},
title = {{Falcons : Searching and Browsing Entities}},
year = {2008}
}
@article{Rocchio1971,
author = {Rocchio, JJ},
file = {:C$\backslash$:/Users/Turan/Google Drive/ED/IRR/lib/rfroc.pdf:pdf},
title = {{Relevance feedback in information retrieval}},
url = {http://www.citeulike.org/group/1710/article/919439},
year = {1971}
}
@article{Doan2003,
author = {Doan, AnHai and Madhavan, Jayant and Dhamankar, Robin and Domingos, Pedro and Halevy, Alon},
doi = {10.1007/s00778-003-0104-2},
file = {:C$\backslash$:/Users/Turan/Google Drive/ED/IRR/papers/learnmatchsemweb.pdf:pdf},
issn = {1066-8888},
journal = {The VLDB Journal The International Journal on Very Large Data Bases},
keywords = {and therefore more intelligently,for,learning,locate and integrate data,machine,ontology matching,relaxation labeling,semantic web,softbots can better understand,the semantics,using ontologies},
month = nov,
title = {{Learning to match ontologies on the Semantic Web}},
url = {http://www.springerlink.com/openurl.asp?genre=article\&id=doi:10.1007/s00778-003-0104-2},
year = {2003}
}
@article{Giunchiglia2008,
author = {Giunchiglia, Fausto and Kharkevich, Uladzimir and Zaihrayeu, Ilya},
file = {:C$\backslash$:/Users/Turan/Google Drive/ED/IRR/lib/ilya.pdf:pdf},
title = {{Concept Search : Semantics Enabled Syntactic Search}},
year = {2008}
}
@article{Md'AquinCBaldassarreLGridinoc2007,
author = {{M d'Aquin, C Baldassarre, L Gridinoc}, S Angeletou},
file = {:C$\backslash$:/Users/Turan/Google Drive/ED/IRR/lib/watson.pdf:pdf},
journal = {The Open Universityâ€™s repository of research publications and other research outputs},
title = {{The Open University's repository of research publications}},
year = {2007}
}
@article{Callison-Burch2007,
author = {Callison-Burch, Chris},
file = {:C$\backslash$:/Users/Turan/Google Drive/ED/D/papers/callison-burch-thesis.pdf:pdf},
title = {{Paraphrasing and Translation Doctor of Philosophy School of Informatics University of Edinburgh}},
year = {2007}
}
@article{LPageSBrini1998,
author = {{L Page, S Brin, R Motwani}, T Winograd},
file = {:C$\backslash$:/Users/Turan/Google Drive/ED/IRR/lib/pagerank.pdf:pdf},
pages = {1--17},
title = {{The PageRank Citation Ranking: Bringing Order to the Web}},
year = {1998}
}
@article{Temnikova2007,
author = {Temnikova, Irina},
file = {:C$\backslash$:/Users/Turan/Google Drive/ED/IRP/lib/437-1.pdf:pdf},
title = {{A Cognitive Evaluation Approach for a Controlled Language Post-Editing Experiment}},
year = {2007}
}
@article{Satu2011,
author = {Hyokki, Satu},
file = {:C$\backslash$:/Users/Turan/Google Drive/ED/IRP/lib/Hyokki\_Satu.pdf:pdf},
title = {{Visual Eye Tracking Data as Medium in User Dialogue}},
year = {2011}
}
@article{Specia2012,
author = {Specia, Lucia},
file = {:C$\backslash$:/Users/Turan/Google Drive/ED/IRP/lib/staffwww.dcs.shef.ac.uk\_people\_L.Specia\_resources\_slides\_QE\_LuciaSpecia\_CBS.pdf:pdf},
number = {August},
title = {{Estimating post-editing effort State-of-the-art systems and open issues}},
year = {2012}
}
@article{Mayfield2003,
author = {Mayfield, James and Finin, Tim},
file = {:C$\backslash$:/Users/Turan/Google Drive/ED/IRR/lib/irswiir.pdf:pdf},
title = {{Information retrieval on the Semantic Web : Integrating inference and retrieval}},
year = {2003}
}
@article{Macklovitch2008,
author = {Macklovitch, Elliott and Lapalme, Guy and Gotti, Fabrizio},
file = {:C$\backslash$:/Users/Turan/Google Drive/ED/D/papers/TransSearch What are translators looking for.pdf:pdf},
title = {{TransSearch : What are translators looking for ?}},
year = {2008}
}
@article{Bizer2012,
author = {{Christian Bizer, Pablo N. Mendes}, Anja Jentzsch},
file = {:C$\backslash$:/Users/Turan/Google Drive/ED/IRR/lib/Topology of the Web of Data - Springer.pdf:pdf},
isbn = {9783642250088},
pages = {8--11},
title = {{Topology of the Web of Data}},
year = {2012}
}
@article{Clough2010,
address = {Berlin, Heidelberg},
author = {Clough, Paul and Henning, M and Sanderson, Mark},
doi = {10.1007/978-3-642-15181-1},
editor = {M\"{u}ller, Henning and Clough, Paul and Deselaers, Thomas and Caputo, Barbara},
file = {:C$\backslash$:/Users/Turan/AppData/Local/Mendeley Ltd./Mendeley Desktop/Downloaded/Clough, Henning, Sanderson - 2010 - ImageCLEF.pdf:pdf},
isbn = {978-3-642-15180-4},
pages = {3--19},
publisher = {Springer Berlin Heidelberg},
series = {The Information Retrieval Series},
title = {{ImageCLEF}},
url = {http://www.springerlink.com/index/10.1007/978-3-642-15181-1},
volume = {32},
year = {2010}
}
@article{Rocha1800,
author = {Rocha, Cristiano and Schwabe, Daniel and Arag\~{a}o, Marcus Poggi De},
file = {:C$\backslash$:/Users/Turan/Google Drive/ED/IRR/lib/10.1.1.2.368.pdf:pdf},
isbn = {158113844X},
keywords = {a query with the,abstract,appears in its,if the user,is also related to,it,keyword,nodes of type publication,only,ontology,property,the same concept since,web,where this word occurs,would have as results},
title = {{A Hybrid Approach for Searching in the Semantic Web}}
}
@book{Group2010,
author = {Group, Francis},
file = {:C$\backslash$:/Users/Turan/AppData/Local/Mendeley Ltd./Mendeley Desktop/Downloaded/Group - 2010 - Applied Genetic Programming and Machine Learning International Series on Computational Intelligence.pdf:pdf},
isbn = {9781439803691},
title = {{Applied Genetic Programming and Machine Learning International Series on Computational Intelligence}},
year = {2010}
}
@article{Berners-Lee2001,
author = {Berners-Lee, Tim},
file = {:C$\backslash$:/Users/Turan/Google Drive/ED/IRR/lib/p01\_theSemanticWeb.pdf:pdf},
journal = {Scientific American},
title = {{The semantic web}},
url = {http://isel2918929391.googlecode.com/svn-history/r347/trunk/RPC/Slides/p01\_theSemanticWeb.pdf},
year = {2001}
}
@article{Halpin2008,
author = {Halpin, Harry and Lavrenko, Victor},
file = {:C$\backslash$:/Users/Turan/Google Drive/ED/IRR/lib/relfeedvl.pdf:pdf},
journal = {Proceedings of the Twenty-Second International Joint Conference on Artificial Intelligence},
keywords = {Web and Knowledge-Based Information Systems},
title = {{Relevance Feedback between Web Search and the Semantic Web}},
year = {2008}
}
@article{Frisch2012,
author = {Frisch, A and Gurd, J},
file = {:C$\backslash$:/Users/Turan/Google Drive/ED/TTS/revision/past\_exam\_papers/2012563.pdf:pdf},
isbn = {1100000100},
number = {Level 10},
title = {2012},
year = {2012}
}
@article{Ueffing2007,
author = {Ueffing, Nicola and Ney, Hermann},
file = {:C$\backslash$:/Users/Turan/Google Drive/ED/IRP/lib/www.mitpressjournals.org\_doi\_pdf\_10.1162\_coli.2007.33.1.pdf:pdf},
number = {October 2006},
title = {{Word-Level Confidence Estimation for Machine Translation}},
year = {2007}
}
@article{Hassell2006,
author = {Hassell, Joseph and Aleman-Meza, B and Arpinar, I},
file = {:C$\backslash$:/Users/Turan/Google Drive/ED/IRR/lib/disamb.pdf:pdf},
journal = {The Semantic Web-ISWC 2006},
keywords = {DBL,Entity disambiguation,dblp,dbworld,ontology,semantic web},
title = {{Ontology-driven automatic entity disambiguation in unstructured text}},
url = {http://www.springerlink.com/index/t263686645k7r5m1.pdf},
year = {2006}
}
@article{Mcnamee2005,
author = {Mayfield, J and McNamee, P},
file = {:C$\backslash$:/Users/Turan/Google Drive/ED/IRR/lib/haircut.pdf:pdf},
journal = {Johns Hopkins APL technical digest},
number = {1},
title = {{The HAIRCUT information retrieval system}},
url = {http://citeseerx.ist.psu.edu/viewdoc/download?doi=10.1.1.60.9492\&rep=rep1\&type=pdf},
volume = {26},
year = {2005}
}
@article{Kiryakov2004,
author = {Kiryakov, Atanas and Popov, Borislav and Terziev, Ivan and Manov, Dimitar and Ognyanoff, Damyan},
doi = {10.1016/j.websem.2004.07.005},
file = {:C$\backslash$:/Users/Turan/Google Drive/ED/IRR/lib/1-s2.0-S1570826804000162-main.pdf:pdf},
issn = {15708268},
journal = {Web Semantics: Science, Services and Agents on the World Wide Web},
keywords = {359 29768 303,359 29768 311,a,b,bg,borislav,corresponding author,d,damyan,e-mail addresses,fax,i,information retrieval,ivanterziev,kiryakov,manov,mitac,naso,ognyanoff,popov,semantic annotation,semantic metadata,sirma,tel,terziev},
month = dec,
number = {1},
pages = {49--79},
title = {{Semantic annotation, indexing, and retrieval}},
url = {http://linkinghub.elsevier.com/retrieve/pii/S1570826804000162},
volume = {2},
year = {2004}
}
@article{Koehn2010,
author = {Koehn, Philipp},
file = {:C$\backslash$:/Users/Turan/Google Drive/ED/D/papers/Enabling Monolingual Translators. Post-Editing vs. Options.pdf:pdf},
number = {June},
pages = {537--545},
title = {{Enabling Monolingual Translators : Post-Editing vs . Options}},
year = {2010}
}
@article{www.casmacat.eu,
doi = {10.1109/PTC.2009.5281913},
file = {:C$\backslash$:/Users/Turan/Google Drive/ED/IRP/lib/CASMACAT Main\_Home Page.pdf:pdf},
isbn = {978-1-4244-2234-0},
title = {{CASMACAT - www.casmacat.eu}}
}
@article{Chinenyanga2002,
author = {Chinenyanga, TT and Kushmerick, Nicholas},
file = {:C$\backslash$:/Users/Turan/Google Drive/ED/IRR/lib/elixir.pdf:pdf},
title = {{An expressive and efficient language for XML information retrieval}},
url = {http://onlinelibrary.wiley.com/doi/10.1002/asi.10057/full},
year = {2002}
}
@article{Y,
author = {\'{Y}, Dragomir R Radev and Qi, Hong and Ãž, Harris Wu and Ãž, Weiguo Fan and Arbor, Ann},
file = {:C$\backslash$:/Users/Turan/AppData/Local/Mendeley Ltd./Mendeley Desktop/Downloaded/\'{Y} et al. - Unknown - Evaluating Web-based Question Answering Systems.pdf:pdf},
title = {{Evaluating Web-based Question Answering Systems}}
}
@article{Eetu,
author = {Eetu, M},
file = {:C$\backslash$:/Users/Turan/Google Drive/ED/IRR/lib/makela-semantic-search-2005.pdf:pdf},
keywords = {all of these are,basic concept location,complex constraint,described in,path discovery,problem solving and connecting,queries,search with semantic techniques},
title = {{Survey of Semantic Search Research}}
}
@article{Finin2002,
author = {Finin, Tim and Cost, R Scott and Mayfield, James},
file = {:C$\backslash$:/Users/Turan/Google Drive/ED/IRR/lib/irsw.pdf:pdf},
isbn = {1581134924},
journal = {Proceedings of the eleventh international conference on Information and knowledge management},
title = {{Information Retrieval On The Semantic Web}},
year = {2002}
}
@article{ABialeckiMCafarellaDCutting2005,
author = {Bialecki, A and Cafarella, M and Cutting, D and O'MALLEY, O},
file = {:C$\backslash$:/Users/Turan/Google Drive/ED/IRR/lib/hadoop.pdf:pdf},
journal = {http://lucene. apache. org/hadoop},
title = {{Hadoop: a framework for running applications on large clusters built of commodity hardware}},
url = {http://scholar.google.com/scholar?hl=en\&btnG=Search\&q=intitle:Hadoop:+a+framework+for+running+applications+on+large+clusters+built+of+commodity+hardware\#0},
year = {2005}
}
@article{Bar-Yossef1999,
author = {Bar-Yossef, Z and Kanza, Yaron and Kogan, Yakov},
file = {:C$\backslash$:/Users/Turan/Google Drive/ED/IRR/lib/que3.pdf:pdf},
title = {{Querying semantically tagged documents on the World-Wide Web}},
url = {http://www.springerlink.com/index/EDGGF701CMUEB05H.pdf},
year = {1999}
}
@book{Koehn2009a,
author = {Koehn, Philipp},
file = {:C$\backslash$:/Users/Turan/Desktop/z.txt:txt},
isbn = {0521874157},
title = {{Statistical Machine Translation}},
year = {2009}
}
@article{KoehnHaddow2009,
author = {Koehn, Philipp and Haddow, Barry},
file = {:C$\backslash$:/Users/Turan/Google Drive/ED/D/papers/Interactive Assistance to Human Translators K2009.pdf:pdf},
keywords = {MT Summit 2009},
title = {{Interactive Assistance to Human Translators using Statistical Machine Translation Methods}},
year = {2009}
}
@article{Richardson2006,
author = {Richardson, Matthew and Prakash, A and Brill, Eric},
file = {:C$\backslash$:/Users/Turan/Desktop/staticrank (1).pdf:pdf},
isbn = {1595933239},
keywords = {pagerank,ranknet,relevance,search engines,static ranking},
title = {{Beyond PageRank: machine learning for static ranking}},
url = {http://dl.acm.org/citation.cfm?id=1135881},
year = {2006}
}
@article{CroftJinxiXu,
author = {{Croft, Jinxi Xu}, W. Bruce},
file = {:C$\backslash$:/Users/Turan/Desktop/XuCroft-SIGIR96.pdf:pdf},
title = {{Query Expansion Using Local Analysis and Global Document}}
}
@article{Higashinaka2002,
address = {Morristown, NJ, USA},
author = {Higashinaka, Ryuichiro and Nagao, Katashi},
doi = {10.3115/1071884.1071892},
file = {:C$\backslash$:/Users/Turan/Google Drive/ED/D/papers/Interactive Paraphrasing Based on Linguistic Annotation.pdf:pdf},
journal = {Proceedings of the 19th international conference on Computational linguistics -},
pages = {1--5},
publisher = {Association for Computational Linguistics},
title = {{Interactive paraphrasing based on linguistic annotation}},
url = {http://portal.acm.org/citation.cfm?doid=1071884.1071892},
volume = {2},
year = {2002}
}
@article{Jakobsen2011,
author = {Jakobsen, Arnt Lykke},
file = {:C$\backslash$:/Users/Turan/Google Drive/ED/IRP/lib/sda.pdf:pdf},
number = {2011},
title = {{Tracking Translators Keystrokes and Eye Movements with Translog}},
year = {2011}
}
@article{Nakamoto2011,
author = {Nakamoto, Yukikazu},
doi = {10.1587/transinf.E94.D.1},
file = {:C$\backslash$:/Users/Turan/Desktop/l2r.pdf:pdf},
issn = {0916-8532},
journal = {IEICE Transactions on Information and Systems},
keywords = {information retrieval,language processing,learning to rank,natural,svm},
number = {1},
pages = {1--2},
title = {{Foreword}},
url = {http://joi.jlc.jst.go.jp/JST.JSTAGE/transinf/E94.D.1?from=CrossRef},
volume = {E94-D},
year = {2011}
}
@article{Weiss,
author = {Weiss, Cathrin and Bernstein, Abraham},
file = {:C$\backslash$:/Users/Turan/Google Drive/ED/IRR/lib/hextuple.pdf:pdf},
isbn = {0000000000000},
title = {{Hexastore : Sextuple Indexing for Semantic Web Data Management}},
year = {2008}
}
@article{Kotsakis2002,
address = {New York, New York, USA},
author = {Kotsakis, Evangelos},
doi = {10.1145/508909.508919},
file = {:C$\backslash$:/Users/Turan/Google Drive/ED/IRR/lib/sac02.pdf:pdf},
isbn = {1581134452},
journal = {Proceedings of the 2002 ACM symposium on Applied computing - SAC '02},
keywords = {full text searching,semistruc-,tured data indexing,web data indexing,xml information retrieval},
pages = {663},
publisher = {ACM Press},
title = {{Structured information retrieval in XML documents}},
url = {http://portal.acm.org/citation.cfm?doid=508791.508919},
year = {2002}
}
@misc{Mulwad,
author = {Mulwad, Varish},
file = {:C$\backslash$:/Users/Turan/Google Drive/ED/IRR/lib/sse.ppt:ppt},
title = {{Research Problems in Semantic Web Search (Presentation)}},
year = {2009}
}
@article{Kelly2007,
author = {Kelly, Diane},
doi = {10.1561/1500000012},
file = {:C$\backslash$:/Users/Turan/AppData/Local/Mendeley Ltd./Mendeley Desktop/Downloaded/Kelly - 2007 - Methods for Evaluating Interactive Information Retrieval Systems with Users.pdf:pdf},
issn = {1554-0669},
journal = {Foundations and TrendsÂ® in Information Retrieval},
title = {{Methods for Evaluating Interactive Information Retrieval Systems with Users}},
url = {http://www.nowpublishers.com/product.aspx?product=INR\&doi=1500000012},
year = {2007}
}
@article{Ding2004,
author = {Ding, L and Finin, T and Joshi, A and Pan, R},
file = {:C$\backslash$:/Users/Turan/Google Drive/ED/IRR/lib/swogle.pdf:pdf},
title = {{Swoogle: a search and metadata engine for the semantic web}},
url = {http://dl.acm.org/citation.cfm?id=1031289},
year = {2004}
}
@article{Guerberof,
author = {{Guerberof Rovira}, Ana},
file = {:C$\backslash$:/Users/Turan/Google Drive/ED/IRP/lib/Guerberof article.pdf:pdf},
keywords = {experience,localisation,machine translation,mt,output,post-editing,pricing,professional translators,review,reviewers,tm,translation memory},
pages = {1--17},
title = {{What do professional translators think about post-editing ?}},
year = {2011}
}
@article{Oren2008,
author = {Oren, Eyal},
file = {:C$\backslash$:/Users/Turan/Google Drive/ED/IRR/lib/sindice.pdf:pdf},
keywords = {1,2008,3,a document-oriented,and tummarello,catasta,com,cyganiak,data discovery,delbru,e,follows,g,h,indexing,int,j,linked data,lookup index for open,m,metadata,no,oren,r,reference to this paper,scalability,semantic web,semantics and ontologies,should be made as,sindice,stenzhorn,vol},
number = {1},
title = {{Sindice . com : a document-oriented lookup index for open linked data Renaud Delbru , Michele Catasta and Richard Cyganiak Holger Stenzhorn Giovanni Tummarello}},
volume = {3},
year = {2008}
}
@article{Koehn2007,
author = {Koehn, Philipp and Birch, Alexandra and Callison-burch, Chris and Federico, Marcello and Bertoldi, Nicola and Cowan, Brooke and Moran, Christine and Dyer, Chris and Constantin, Alexandra and Herbst, Evan},
file = {:C$\backslash$:/Users/Turan/Google Drive/ED/IRP/lib/p177-koehn.pdf:pdf},
number = {June},
pages = {177--180},
title = {{Moses : Open Source Toolkit for Statistical Machine Translation}},
year = {2007}
}
@article{Arocena,
author = {Arocena, G.O. and Mendelzon, A.O.},
doi = {10.1109/ICDE.1998.655754},
file = {:C$\backslash$:/Users/Turan/Google Drive/ED/IRR/lib/weboql.pdf:pdf},
isbn = {0-8186-8289-2},
journal = {Proceedings 14th International Conference on Data Engineering},
publisher = {IEEE Comput. Soc},
title = {{WebOQL: restructuring documents, databases and Webs}},
url = {http://ieeexplore.ieee.org/lpdocs/epic03/wrapper.htm?arnumber=655754}
}
@article{Jaaskelainen2010,
author = {Jaaskelainen, R},
file = {:C$\backslash$:/Users/Turan/Google Drive/ED/IRP/lib/Handbook of translation studies - Google Books.pdf:pdf},
pages = {4--5},
title = {{Handbook of Translation Studies}},
year = {2010}
}
@article{Klyne2004,
author = {Klyne, G and Carroll, JJ and McBride, B},
file = {:C$\backslash$:/Users/Turan/Google Drive/ED/IRR/lib/rdf-concepts and abstract syntax.pdf:pdf},
journal = {W3C recommendation},
number = {February},
title = {{Resource description framework (RDF): Concepts and abstract syntax}},
url = {http://travesia.mcu.es/portalnb/jspui/handle/10421/2427},
year = {2004}
}
@article{Buitelaar2004,
author = {Buitelaar, Paul and Cimiano, Philipp and Magnini, Bernardo},
file = {:C$\backslash$:/Users/Turan/Google Drive/ED/IRR/papers/(Buitelaar2003) OntologyLearningfromTextAnOverview[10].pdf:pdf},
keywords = {knowledge acquisition,ontology learning,text mining},
title = {{Ontology Learning from Text : An Overview}},
year = {2004}
}
@article{Finin2005,
author = {Finin, Tim and Mayfield, James and Joshi, Anupam and Cost, R Scott and Fink, Clay},
file = {:C$\backslash$:/Users/Turan/Google Drive/ED/IRR/lib/ir-and-sw.pdf:pdf},
isbn = {0769522688},
journal = {Proceedings of the 38th Hawaii International Conference on System Sciences},
title = {{Information Retrieval and the Semantic Web}},
year = {2005}
}
@article{Langlais2000,
author = {{Philippe Langlais, Guy Lapalme}, Dominique Letarte},
file = {:C$\backslash$:/Users/Turan/Google Drive/ED/IRP/lib/p46-langlais.pdf:pdf},
title = {{TransType: a Computer-Aided Translation Typing System}},
year = {2000}
}
@article{Mangold2007,
author = {Mangold, Christoph},
doi = {10.1504/IJMSO.2007.015073},
file = {:C$\backslash$:/Users/Turan/Google Drive/ED/IRR/lib/survey2.pdf:pdf},
issn = {1744-2621},
journal = {International Journal of Metadata, Semantics and Ontologies},
keywords = {2,2007,a survey and,approaches,c,classification of semantic search,follows,information retrieval,int,j,mangold,metadata,reference to this paper,search engine,semantic search,semantic web,semantics and ontology,should be made as,survey,vol},
number = {1},
pages = {23},
title = {{A survey and classification of semantic search approaches}},
url = {http://www.inderscience.com/link.php?id=15073},
volume = {2},
year = {2007}
}
@article{Guha2003,
address = {New York, New York, USA},
author = {Guha, R. and McCool, Rob and Miller, Eric},
doi = {10.1145/775248.775250},
file = {:C$\backslash$:/Users/Turan/Google Drive/ED/IRR/lib/p700-guha.pdf:pdf},
isbn = {1581136803},
journal = {Proceedings of the twelfth international conference on World Wide Web - WWW '03},
publisher = {ACM Press},
title = {{Semantic search}},
url = {http://portal.acm.org/citation.cfm?doid=775152.775250},
year = {2003}
}
@misc{Freebase.com,
author = {Freebase.com},
file = {:C$\backslash$:/Users/Turan/AppData/Local/Microsoft/Windows/Temporary Internet Files/Content.IE5/AQARQVJC/freebase-suggest[1]:},
title = {{Freebase Suggest on Google Code (http://code.google.com/p/freebase-suggest)}}
}
@article{Clough2005,
author = {Clough, Paul and Henning, M and Deselaers, Thomas and Grubinger, Michael and Lehmann, Thomas and Jensen, Jeffery and Hersh, William},
file = {:C$\backslash$:/Users/Turan/AppData/Local/Mendeley Ltd./Mendeley Desktop/Downloaded/Clough et al. - 2005 - The CLEF 2005 Cross-Language Image Retrieval Track.pdf:pdf},
title = {{The CLEF 2005 Cross-Language Image Retrieval Track}},
year = {2005}
}
@article{Bach2011,
author = {Bach, Nguyen},
file = {:C$\backslash$:/Users/Turan/Google Drive/ED/IRP/lib/P11-1022.pdf:pdf},
pages = {211--219},
title = {{Goodness : A Method for Measuring Machine Translation Confidence}},
year = {2011}
}
@article{TomHeath,
author = {{Tom Heath}, C Bizer},
file = {:C$\backslash$:/Users/Turan/Google Drive/ED/IRR/lib/publ-amz.pdf:pdf},
isbn = {9781608454303},
title = {{Linked Data ( Synthesis Lectures on the Semantic Web : Theory and Technology )}},
year = {2011}
}
@article{Finin2004,
author = {Ding, L and Finin, Tim and Joshi, A and Pan, R},
file = {:C$\backslash$:/Users/Turan/Google Drive/ED/IRR/lib/swoogle.pdf:pdf},
isbn = {1581138741},
journal = {Proceedings of the thirteenth ACM international conference on Information and knowledge management},
keywords = {called swoogle to facilitate,crawler,metadata,rank,search,semantic,semantic web,semantic web search engine,the development of the,we introduce a prototype},
title = {{Swoogle: a search and metadata engine for the semantic web}},
url = {http://dl.acm.org/citation.cfm?id=1031289},
year = {2004}
}
@article{Bizer2008,
address = {New York, New York, USA},
author = {Bizer, Christian and Heath, Tom and Idehen, Kingsley and Berners-Lee, Tim},
doi = {10.1145/1367497.1367760},
file = {:C$\backslash$:/Users/Turan/Google Drive/ED/IRR/lib/ldtblee.pdf:pdf},
isbn = {9781605580852},
journal = {Proceeding of the 17th international conference on World Wide Web - WWW '08},
publisher = {ACM Press},
title = {{Linked data on the web (LDOW2008)}},
url = {http://portal.acm.org/citation.cfm?doid=1367497.1367760},
year = {2008}
}
@article{Koehn2009,
author = {Koehn, Philipp},
file = {:C$\backslash$:/Users/Turan/Google Drive/ED/IRP/lib/caitra-journal.pdf:pdf},
keywords = {computer aided translation,interactive translation,statistical machine translation,study,translation process},
pages = {1--28},
title = {{A Process Study of Computed Aided Translation}},
year = {2009}
}
